@inproceedings{adida:2008,
 author = {Adida, Ben},
 title = {Helios: web-based open-audit voting},
 booktitle = {Proceedings of the 17th conference on Security symposium},
 series = {SS'08},
 year = {2008},
 location = {San Jose, CA},
 pages = {335--348},
 numpages = {14},
 url = {http://dl.acm.org/citation.cfm?id=1496711.1496734},
 acmid = {1496734},
 publisher = {USENIX Association},
 address = {Berkeley, CA, USA},
} 
